<record><leader>00000cas a22000007a 4500</leader><controlfield tag="001">23285108</controlfield><controlfield tag="008">910322u1978uuuumnubr ne      0    0eng d</controlfield><datafield ind1=" " ind2=" " tag="010"><subfield code="a">sn 90059626 </subfield></datafield><datafield ind1=" " ind2=" " tag="040"><subfield code="a">MN#</subfield><subfield code="b">eng</subfield><subfield code="c">MN#</subfield><subfield code="d">OCLCQ</subfield></datafield><datafield ind1=" " ind2=" " tag="042"><subfield code="a">msc</subfield></datafield><datafield ind1=" " ind2=" " tag="043"><subfield code="a">n-us-mn</subfield></datafield><datafield ind1=" " ind2=" " tag="052"><subfield code="a">4144</subfield><subfield code="b">S4:2B3</subfield></datafield><datafield ind1="0" ind2=" " tag="130"><subfield code="a">Sun rays (Saint Paul, Minn.)</subfield></datafield><datafield ind1="1" ind2="0" tag="245"><subfield code="a">Sun rays.</subfield></datafield><datafield ind1=" " ind2=" " tag="260"><subfield code="a">St. Paul, Minn. :</subfield><subfield code="b">District 1 Community Council</subfield></datafield><datafield ind1=" " ind2=" " tag="300"><subfield code="a">v.</subfield></datafield><datafield ind1=" " ind2=" " tag="310"><subfield code="a">Bimonthly</subfield></datafield><datafield ind1="1" ind2=" " tag="362"><subfield code="a">Began in 1978?</subfield></datafield><datafield ind1=" " ind2=" " tag="500"><subfield code="a">Serving St. Paul's South-east residents.</subfield></datafield><datafield ind1=" " ind2=" " tag="588"><subfield code="a">Description based on: Vol. 3, no. 5 (Oct. 1980).</subfield></datafield><datafield ind1="2" ind2="0" tag="610"><subfield code="a">District 1 Community Council (Saint Paul, Minn.)</subfield><subfield code="v">Periodicals.</subfield></datafield><datafield ind1=" " ind2="0" tag="651"><subfield code="a">Battle Creek Community (Saint Paul, Minn.)</subfield><subfield code="v">Periodicals.</subfield></datafield><datafield ind1="2" ind2=" " tag="710"><subfield code="a">District 1 Community Council (Saint Paul, Minn.)</subfield></datafield><datafield ind1="1" ind2=" " tag="029"><subfield code="a">AU@</subfield><subfield code="b">000025888681</subfield></datafield></record>